<record><leader>00000cas a22000007a 4500</leader><controlfield tag="001">24238505</controlfield><controlfield tag="008">910815d18791881ohuwr ne      0    0eng d</controlfield><datafield ind1=" " ind2=" " tag="010"><subfield code="a">sn 91069779 </subfield></datafield><datafield ind1=" " ind2=" " tag="040"><subfield code="a">ONP</subfield><subfield code="b">eng</subfield><subfield code="c">ONP</subfield><subfield code="d">OCLCQ</subfield></datafield><datafield ind1=" " ind2=" " tag="042"><subfield code="a">msc</subfield></datafield><datafield ind1="0" ind2="4" tag="245"><subfield code="a">The Franklin Argus.</subfield></datafield><datafield ind1=" " ind2=" " tag="260"><subfield code="a">Franklin, Warren County, O. [Ohio] :</subfield><subfield code="b">Arthur B. Smith,</subfield><subfield code="c">1879- 1881.</subfield></datafield><datafield ind1=" " ind2=" " tag="300"><subfield code="a">v.</subfield></datafield><datafield ind1=" " ind2=" " tag="310"><subfield code="a">Weekly</subfield></datafield><datafield ind1="0" ind2=" " tag="362"><subfield code="a">Vol. 1, no. 1 (Apr. 26, 1879)-v. 3, no. 15 (Aug. 18, 1881).</subfield></datafield><datafield ind1=" " ind2=" " tag="752"><subfield code="a">United States</subfield><subfield code="b">Ohio</subfield><subfield code="c">Warren</subfield><subfield code="d">Franklin.</subfield></datafield><datafield ind1="0" ind2="7" tag="785"><subfield code="t">Valley chronicle (Franklin, Ohio)</subfield><subfield code="w">(DLC)sn 91069777</subfield></datafield><datafield ind1="0" ind2="7" tag="785"><subfield code="t">Valley chronicle and Franklin Argus</subfield><subfield code="w">(DLC)sn 91069778</subfield></datafield></record>